@book{Osborne, M. J., & Rubinstein, A. (1994). A Course in Game Theory. MIT Press.
}